@book{refactoreDatabase,
	author={Scott W.Ambler und Pramond J.Sadalage},
	title={Refactoring Databases},
	publisher={Addison-Wesley Professional},
	address={München},
	year={2006},
	hyphenation={german}
}
@book{refactoreToPatterns,
	author={Joshua Kerievsky},
	title={Refactoring to Patterns},
	publisher={Addison-Wesley Professional},
	address={München},
	year={2004},
	hyphenation={german}
}
@book{patternsOfEnterprise,
	author={Martin Fowler},
	title={Patterns of Enterprise Application Architecture},
	publisher={Addison-Wesley Professional},
	edition={1},
	address={München},
	year={2002},
	hyphenation={german}
}