@book{java8InAction,
	author={Raoul-Gabriel, Urma and Fusco, Mario and Mycroft, Alan},
	title={Java 8 In Action},
	publisher={Wiley India},
	address={India},
	year={2014},
	hyphenation={german}
}
@book{designPatterns,
	author={Gamma, Erich and Helm, Richard and Johnson, Ralph and Vlissides, John},
	title={Design Patterns},
	publisher={Addison-Wesley Professional},
	address={USA},
	year={1994},
	hyphenation={german}
}
@online{strubergBlog,
  author = {Struberg, Mark},
  title = {Control CDI Containers in SE and EE},
  year = 2012,
  url = {https://struberg.wordpress.com/2012/03/17/controlling-cdi-containers-in-se-and-ee/}
}
@online{typeScriptDoc,
  author = {Microsoft},
  title = {Interfaces},
  year = 2016,
  url = {https://www.typescriptlang.org/docs/handbook/interfaces.html}
}
@online{intelliJ,
  author = {JetBrains},
  title = {IntelliJ IDEA},
  year = 2016,
  url = {https://www.jetbrains.com/idea/}
}
@online{wildFly,
  author = {RedHat},
  title = {What is WildFly ?},
  year = 2016,
  url = {http://wildfly.org/about/}
}
@online{ckeditor,
  author = {CKSource},
  title = {What is CKEditor ?},
  year = 2016,
  url = {http://ckeditor.com/about}
}
@online{primefacesExtensions,
  author = {PrimeFaces-Extensions},
  title = {PrimeFaces Extensions},
  year = 2016,
  url = {http://primefaces-extensions.github.io/}
}
@online{fowlerFluentInterface,
  author = {Fowler, Martin},
  title = {FluentInterface},
  year = 2005,
  url = {http://martinfowler.com/bliki/FluentInterface.html}
}